<record xmlns="http://www.loc.gov/MARC21/slim" xmlns:xsi="http://www.w3.org/2001/XMLSchema-instance" xsi:schemaLocation="http://www.loc.gov/MARC21/slim http://www.loc.gov/standards/marcxml/schema/MARC21slim.xsd"><leader>00997cz   2200265n  4500</leader><controlfield tag="001">oca00064197 </controlfield><controlfield tag="005">20020306174155.0</controlfield><controlfield tag="008">800602n| acannaab           |a aaa      </controlfield><datafield ind1=" " ind2=" " tag="010"><subfield code="a">n  50028820 </subfield></datafield><datafield ind1=" " ind2=" " tag="040"><subfield code="a">DLC</subfield><subfield code="c">DLC</subfield><subfield code="d">DLC</subfield></datafield><datafield ind1="0" ind2=" " tag="100"><subfield code="a">Diodorus,</subfield><subfield code="c">Siculus</subfield></datafield><datafield ind1="0" ind2=" " tag="400"><subfield code="a">Diodorus Siculus</subfield><subfield code="w">nnaa</subfield></datafield><datafield ind1="0" ind2=" " tag="400"><subfield code="a">Diodore,</subfield><subfield code="c">Sicilien</subfield></datafield><datafield ind1="1" ind2=" " tag="400"><subfield code="a">Siculus, Diodorus</subfield></datafield><datafield ind1="0" ind2=" " tag="400"><subfield code="a">Diodor</subfield></datafield><datafield ind1="0" ind2=" " tag="400"><subfield code="a">DiodoÌ&#x84;ros,</subfield><subfield code="c">SikelioÌ&#x84;teÌ&#x84;s</subfield></datafield><datafield ind1="0" ind2=" " tag="400"><subfield code="a">Diodoro,</subfield><subfield code="c">Siculo</subfield></datafield><datafield ind1="0" ind2=" " tag="400"><subfield code="a">Diodore,</subfield><subfield code="c">de Sicile</subfield></datafield><datafield ind1=" " ind2=" " tag="670"><subfield code="a">His Diodorus "On Egypt," 1985:</subfield><subfield code="b">t.p. (Diodorus)</subfield></datafield><datafield ind1=" " ind2=" " tag="670"><subfield code="a">Encycl. Brit.</subfield><subfield code="b">(Diodorus Siculus)</subfield></datafield><datafield ind1=" " ind2=" " tag="670"><subfield code="a">Oxford class. dict.</subfield><subfield code="b">(Diodorus Siculus, of Agyrium)</subfield></datafield><datafield ind1=" " ind2=" " tag="670"><subfield code="a">LC data base, 4/11/85</subfield><subfield code="b">(hdg.: Diodorus Siculus)</subfield></datafield><datafield ind1=" " ind2=" " tag="670"><subfield code="a">MegaleÌ&#x84; HelleÌ&#x84;nikeÌ&#x84; enkykl.</subfield><subfield code="b">(DiodoÌ&#x84;ros, SikelioÌ&#x84;teÌ&#x84;s)</subfield></datafield><datafield ind1=" " ind2=" " tag="670"><subfield code="a">His Biblioteca storica, 1985- :</subfield><subfield code="b">v. 3, t.p. (Diodoro Siculo) jkt. (b. ca. 90 B.C.; d. ca. 20 B.C.)</subfield></datafield><datafield ind1=" " ind2=" " tag="670"><subfield code="a">His BibliotheÌ&#x80;que historique. Livre I, 1993:</subfield><subfield code="b">t.p. (Diodore de Sicile)</subfield></datafield></record>